<?xml version="1.0" encoding="UTF-8"?><collection xmlns="http://www.loc.gov/MARC21/slim"><record><leader>00291nam--2200109-i-4500</leader><controlfield tag="001">000037028</controlfield><controlfield tag="002">20161230</controlfield><controlfield tag="005">20161230201041</controlfield><controlfield tag="008">060222s1000------------r-----000-0-eng-d</controlfield><datafield ind1=" " ind2=" " tag="245"><subfield code="a">Proba de similitudine si modelizare la reactoarele chimice</subfield></datafield><datafield ind1=" " ind2=" " tag="260"><subfield code="a">Bucuresti, I.D.T., 1965, 4p</subfield></datafield><datafield ind1=" " ind2=" " tag="852"><subfield code="a">D.1152</subfield></datafield></record></collection>